%% References go here
@article{cox1958,
  title={The regression analysis of binary sequences},
  author={Cox, David R},
  journal={Journal of the Royal Statistical Society. Series B (Methodological)},
  pages={215--242},
  year={1958},
  publisher={JSTOR}
}

@article{scikit-learn,
 title={Scikit-learn: Machine Learning in {P}ython},
 author={Pedregosa, F. and Varoquaux, G. and Gramfort, A. and Michel, V.
         and Thirion, B. and Grisel, O. and Blondel, M. and Prettenhofer, P.
         and Weiss, R. and Dubourg, V. and Vanderplas, J. and Passos, A. and
         Cournapeau, D. and Brucher, M. and Perrot, M. and Duchesnay, E.},
 journal={Journal of Machine Learning Research},
 volume={12},
 pages={2825--2830},
 year={2011}
}


@ARTICLE{harikrishnan2011,
   author = {{Harikrishnan}, K.~P. and {Misra}, R. and {Ambika}, G.},
    title = "{Nonlinear time series analysis of the light curves from the black hole system GRS1915+105}",
  journal = {Research in Astronomy and Astrophysics},
archivePrefix = "arXiv",
   eprint = {1007.5210},
 primaryClass = "astro-ph.HE",
     year = 2011,
    month = jan,
   volume = 11,
    pages = {71-90},
      doi = {10.1088/1674-4527/11/1/004},
   adsurl = {http://adsabs.harvard.edu/abs/2011RAA....11...71H},
  adsnote = {Provided by the SAO/NASA Astrophysics Data System}
}

@ARTICLE{misra2004,
   author = {{Misra}, R. and {Harikrishnan}, K.~P. and {Mukhopadhyay}, B. and 
	{Ambika}, G. and {Kembhavi}, A.~K.},
    title = "{The Chaotic Behavior of the Black Hole System GRS 1915+105}",
  journal = {\apj},
   eprint = {astro-ph/0403144},
 keywords = {Accretion, Accretion Disks, Black Hole Physics, X-Rays: Binaries, X-Rays: Individual: Alphanumeric: GRS 1915+105},
     year = 2004,
    month = jul,
   volume = 609,
    pages = {313-316},
      doi = {10.1086/421005},
   adsurl = {http://adsabs.harvard.edu/abs/2004ApJ...609..313M},
  adsnote = {Provided by the SAO/NASA Astrophysics Data System}
}

@ARTICLE{misra2006,
   author = {{Misra}, R. and {Harikrishnan}, K.~P. and {Ambika}, G. and {Kembhavi}, A.~K.
	},
    title = "{The Nonlinear Behavior of the Black Hole System GRS 1915+105}",
  journal = {\apj},
 keywords = {Accretion, Accretion Disks, Black Hole Physics, X-Rays: Binaries, X-Rays: Individual: Alphanumeric: GRS 1915+105},
     year = 2006,
    month = jun,
   volume = 643,
    pages = {1114-1129},
      doi = {10.1086/503094},
   adsurl = {http://adsabs.harvard.edu/abs/2006ApJ...643.1114M},
  adsnote = {Provided by the SAO/NASA Astrophysics Data System}
}

@ARTICLE{polyakov2012,
   author = {{Polyakov}, Y.~S. and {Neilsen}, J. and {Timashev}, S.~F.},
    title = "{Stochastic Variability in X-Ray Emission from the Black Hole Binary GRS 1915+105}",
  journal = {\aj},
archivePrefix = "arXiv",
   eprint = {1204.3690},
 primaryClass = "astro-ph.IM",
 keywords = {accretion, accretion disks, binaries: close, black hole physics, methods: data analysis, methods: statistical, X-rays: individual: GRS 1915+105},
     year = 2012,
    month = jun,
   volume = 143,
      eid = {148},
    pages = {148},
      doi = {10.1088/0004-6256/143/6/148},
   adsurl = {http://adsabs.harvard.edu/abs/2012AJ....143..148P},
  adsnote = {Provided by the SAO/NASA Astrophysics Data System}
}



